@article{Perdices17,
author= "Perdices García, Eduardo",
title= "Técnicas para la localización visual robusta de robots en tiempo real con y sin mapas",
journal= {Tesis Doctoral. Universidad Rey Juan Carlos},
year= {2017},
}

@article{Arribas16,
author= "Arribas, Victor",
title= "Análisis de algoritmos de VisualSLAM: un entorno integral para su evaluación.",
journal= {Trabajo Fin de Máster. Universidad Rey Juan Carlos},
year= {2016},
}

@article{Hernandez14,
author= "Hernández , Alejandro",
title= "Autolocalización visual aplicada a la Realidad Aumentada",
journal= {Trabajo Fin de Máster. Universidad Rey Juan Carlos},
year= {2014},
}

@article{Engel16,
author= "Engel Jakob and Vladlen Koltun and Daniel Cremers",
title= "Direct Sparse Odometry",
journal= {IEEE Transactions on Pattern Analysis and Machine Intelligence},
year= {2016},
month={Septiembre},
}

@article{Davison2007monoslam,
  title={MonoSLAM: Real-time single camera SLAM},
  author={Davison, Andrew J and Reid, Ian D and Molton, Nicholas D and Stasse, Olivier},
  journal={IEEE transactions on pattern analysis and machine intelligence},
  volume={29},
  number={6},
  year={2007},
  publisher={IEEE}
}

@article{Takafumi17,
author= {Takafumi Taketomi, Hideaki Uchiyama, Sei Ikeda},
title= {Visual SLAM algorithms: a survey from 2010 to 2016},
journal= {IPSJ Transactions on Computer Vision and Applications},
year= {2017},
month={Junio},
publisher={Springer Open}
}

@article{Engel2016direct,
  title={Direct sparse odometry},
  author={Engel, Jakob and Koltun, Vladlen and Cremers, Daniel},
  journal={arXiv preprint arXiv:1607.02565},
  year={2016}
}

@inproceedings{Klein2007parallel,
  title={Parallel tracking and mapping for small AR workspaces},
  author={Klein, Georg and Murray, David},
  booktitle={Mixed and Augmented Reality, 2007. ISMAR 2007. 6th IEEE and ACM International Symposium on},
  pages={225--234},
  year={2007},
  organization={IEEE}
}

@article{Mur2015orb,
  title={ORB-SLAM: a versatile and accurate monocular SLAM system},
  author={Mur-Artal, Raul and Montiel, Jose Maria Martinez and Tardos, Juan D},
  journal={IEEE Transactions on Robotics},
  volume={31},
  number={5},
  pages={1147--1163},
  year={2015},
  publisher={IEEE}
}

@inproceedings{Engel2014lsd,
  title={LSD-SLAM: Large-scale direct monocular SLAM},
  author={Engel, Jakob and Sch{\"o}ps, Thomas and Cremers, Daniel},
  booktitle={European Conference on Computer Vision},
  pages={834--849},
  year={2014},
  organization={Springer}
}

@inproceedings{Newcombe2011dtam,
  title={DTAM: Dense tracking and mapping in real-time},
  author={Newcombe, Richard A and Lovegrove, Steven J and Davison, Andrew J},
  booktitle={Computer Vision (ICCV), 2011 IEEE International Conference on},
  pages={2320--2327},
  year={2011},
  organization={IEEE}
}

@article{Forster2017svo,
  title={Svo: Semidirect visual odometry for monocular and multicamera systems},
  author={Forster, Christian and Zhang, Zichao and Gassner, Michael and Werlberger, Manuel and Scaramuzza, Davide},
  journal={IEEE Transactions on Robotics},
  volume={33},
  number={2},
  pages={249--265},
  year={2017},
  publisher={IEEE}
}

@article{civera20101,
  title={1-Point RANSAC for extended Kalman filtering: Application to real-time structure from motion and visual odometry},
  author={Civera, Javier and Grasa, Oscar G and Davison, Andrew J and Montiel, JMM},
  journal={Journal of Field Robotics},
  volume={27},
  number={5},
  pages={609--631},
  year={2010},
  publisher={Wiley Online Library}
}

@article{galvez2012bags,
  title={Bags of binary words for fast place recognition in image sequences},
  author={G{\'a}lvez-L{\'o}pez, Dorian and Tardos, Juan D},
  journal={IEEE Transactions on Robotics},
  volume={28},
  number={5},
  pages={1188--1197},
  year={2012},
  publisher={IEEE}
}

@inproceedings{Geiger2012CVPR,
  author = {Andreas Geiger and Philip Lenz and Raquel Urtasun},
  title = {Are we ready for Autonomous Driving? The KITTI Vision Benchmark Suite},
  booktitle = {Conference on Computer Vision and Pattern Recognition (CVPR)},
  year = {2012}
} 

@inproceedings{Bodin2018,
  author    = "Bruno Bodin and Harry Wagstaff and Sajad Saeedi and Luigi Nardi and Emanuele Vespa and Mayer, {John H} and Andy Nisbet and Mikel Luján and Steve Furber and Davison, {Andrew J} and Kelly, {Paul H.J.} and Michael O'Boyle",
  title     = "SLAMBench2: Multi-Objective Head-to-Head Benchmarking for Visual SLAM",
    booktitle = "{IEEE Intl. Conf. on Robotics and Automation (ICRA)}",
    year = {2018},
    month = {May}
    }

@InProceedings{Zhang18iros,
  author = {Zhang, Zichao and Scaramuzza, Davide},
  title = {A Tutorial on Quantitative Trajectory Evaluation for Visual(-Inertial) Odometry},
  booktitle = {IEEE/RSJ Int. Conf. Intell. Robot. Syst. (IROS)},
  year = {2018}
}

@InProceedings{ sturm12iros,
  author = {J. Sturm and N. Engelhard and F. Endres and W. Burgard and D. Cremers},
  title = "A Benchmark for the Evaluation of RGB-D SLAM Systems",
  booktitle = "Proc. of the International Conference on Intelligent Robot Systems (IROS)",
  year = "2012",
  month= "Oct.",
}


